@article{deutsch2022re,
  title={Re-examining system-level correlations of automatic summarization evaluation metrics},
  author={Deutsch, Daniel and Dror, Rotem and Roth, Dan},
  journal={arXiv preprint arXiv:2204.10216},
  year={2022}
}
@article{bhandari2020re,
  title={Re-evaluating evaluation in text summarization},
  author={Bhandari, Manik and Gour, Pranav and Ashfaq, Atabak and Liu, Pengfei and Neubig, Graham},
  journal={arXiv preprint arXiv:2010.07100},
  year={2020}
}
@inproceedings{peyrard2017learning,
  title={Learning to score system summaries for better content selection evaluation.},
  author={Peyrard, Maxime and Botschen, Teresa and Gurevych, Iryna},
  booktitle={Proceedings of the Workshop on New Frontiers in Summarization},
  pages={74--84},
  year={2017}
}
@article{novikova2017we,
  title={Why we need new evaluation metrics for NLG},
  author={Novikova, Jekaterina and Du{\v{s}}ek, Ond{\v{r}}ej and Curry, Amanda Cercas and Rieser, Verena},
  journal={arXiv preprint arXiv:1707.06875},
  year={2017}
}
@article{zhou2022large,
  title={Large language models are human-level prompt engineers},
  author={Zhou, Yongchao and Muresanu, Andrei Ioan and Han, Ziwen and Paster, Keiran and Pitis, Silviu and Chan, Harris and Ba, Jimmy},
  journal={arXiv preprint arXiv:2211.01910},
  year={2022}
}
@article{durmus2022spurious,
  title={Spurious correlations in reference-free evaluation of text generation},
  author={Durmus, Esin and Ladhak, Faisal and Hashimoto, Tatsunori},
  journal={arXiv preprint arXiv:2204.09890},
  year={2022}
}
@article{durmus2020feqa,
  title={FEQA: A question answering evaluation framework for faithfulness assessment in abstractive summarization},
  author={Durmus, Esin and He, He and Diab, Mona},
  journal={arXiv preprint arXiv:2005.03754},
  year={2020}
}
@inproceedings{lin2004rouge,
  title={Rouge: A package for automatic evaluation of summaries},
  author={Lin, Chin-Yew},
  booktitle={Text summarization branches out},
  pages={74--81},
  year={2004}
}
@article{honovich2021q2,
  title={{$Q^2$}: Evaluating Factual Consistency in Knowledge-Grounded Dialogues via Question Generation and Question Answering},
  author={Honovich, Or and Choshen, Leshem and Aharoni, Roee and Neeman, Ella and Szpektor, Idan and Abend, Omri},
  journal={arXiv preprint arXiv:2104.08202},
  year={2021}
}
@inproceedings{lucchese2023can,
  title={Can Embeddings Analysis Explain Large Language Model Ranking?},
  author={Lucchese, Claudio and Minello, Giorgia and Nardini, Franco Maria and Orlando, Salvatore and Perego, Raffaele and Veneri, Alberto},
  booktitle={Proceedings of the 32nd ACM International Conference on Information and Knowledge Management},
  pages={4150--4154},
  year={2023}
}
@article{mishra2023promptaid,
  title={PromptAid: Prompt Exploration, Perturbation, Testing and Iteration using Visual Analytics for Large Language Models},
  author={Mishra, Aditi and Soni, Utkarsh and Arunkumar, Anjana and Huang, Jinbin and Kwon, Bum Chul and Bryan, Chris},
  journal={arXiv preprint arXiv:2304.01964},
  year={2023}
}